@article{argos,
  author={{藤澤 隆介} and {今村 光} and {松野 文俊}},
  title={フェロモン・コミュニケーションによるロボット群の協調運搬 (数理モデル化と応用 Vol.4 No.4)},
  journal={情報処理学会研究報告},
  publisher={一般社団法人 情報処理学会},
  volume={4},
  number={4},
  pages={1--6},
  year={2011},
}

@article{swarmbots,
  title={The cooperation of swarm-bots: Physical interactions in collective robotics},
  author={Mondada, Francesco and Gambardella, Luca Maria and Floreano, Dario and Nolfi, Stefano and Deneuborg, J-L and Dorigo, Marco},
  journal={IEEE Robotics \& Automation Magazine},
  volume={12},
  number={2},
  pages={21--28},
  year={2005},
  publisher={IEEE}
}

@INPROCEEDINGS{swarmBot,
  author={M. {Dorigo}},
  booktitle={Proceedings 2005 IEEE Swarm Intelligence Symposium, 2005. SIS 2005.}, 
  title={SWARM-BOT: an experiment in swarm robotics}, 
  year={2005},
  volume={},
  number={},
  pages={192-200},
  doi={10.1109/SIS.2005.1501622}
 }